@Article{agouzal1999,
	author = {A. Agouzal and K. Lipnikov and Y. Vassilevski},
	title = {Adaptive generation of quasi-optimal tetrahedral meshes},
	journal = {East{--}West Journal of Numerical Mathematics},
	volume = {7},
	pages = {223-244},
	year = {1999},
}

@article{bernard2007,
	author = {P.-E. Bernard and N. Chevaugeon and V. Legat and E. Deleersnijder and J.-F. Remacle},
	title = { High-order h-adaptive discontinuous {G}alerkin methods for ocean modelling},
	journal = {Ocean Dynamics},
	volume = {57},
	number = {2},
	pages = {1616-7341},
	year = {2007},
	doi = {10.1007/s10236-006-0093-y},
}

@Article{buscaglia1997,
	author = {G. C. Buscaglia and E. A. Dari},
	title = {Anisotropic mesh optimization and its applications in adaptivity},
	journal = {International Journal for Numerical Methods in Engineering},
	volume = {40},
	pages = {4119-4136},
	year = {1997},
	tags = "adaptivity, error metric, anisotropy, discrete differentiation, finite element"
}

@article{castrodiaz1997,
	author = {M. J. Castro-Diaz and F. Hecht and B. Mohammadi and O. Pironneau},
	title = {Anisotropic unstructured mesh adaptation for flow simulations},
	journal = {International Journal for Numerical Methods in Fluids},
	volume = {25},
	number = {4},
	pages = {475--491},
	year = {1997},
}

@Article{dazevedo1991,
	author = {E. F. D'Azevedo},
	title = {Optimal Triangular Mesh Generation by Coordinate Transformation},
	journal = {SIAM Journal on Scientific and Statistical Computing},
	volume = {12},
	number = {4},
	pages = {755--786},
	year = {1991},
	doi = {10.1137/0912040},
}

@article{farrell2009a,
  title={Conservative interpolation between unstructured meshes via supermesh construction},
  author={Farrell, PE and Piggott, MD and Pain, CC and Gorman, GJ and Wilson, CR},
  journal={Computer Methods in Applied Mechanics and Engineering},
  volume={198},
  number={33-36},
  pages={2632--2642},
  year={2009},
  publisher={Elsevier}
}

@article{farrell2011conservative,
  title={Conservative interpolation between volume meshes by local Galerkin projection},
  author={Farrell, PE and Maddison, JR},
  journal={Computer Methods in Applied Mechanics and Engineering},
  volume={200},
  number={1-4},
  pages={89--100},
  year={2011},
  publisher={Elsevier}
}

@inbook{freitag1999,
	chapter = {The scalability of mesh improvement algorithms},
	publisher = {Springer-Verlag},
	author = {Freitag, L. and Jones, M. T. and Plassmann, P. E.},
	title = {IMA Volumes in Mathematics and Its Applications},
	journal = {IMA Volumes in Mathematics and Its Applications},
	volume = {105},
	pages = {185-212},
	year = {1999},
}

@Article{freitag1997,
	author = {L. A. Freitag and C. Ollivier-Gooch},
	title = {Tetrahedral mesh improvement using swapping and smoothing},
	journal = {International Journal for Numerical Methods in Engineering},
	volume = {40},
	number = {21},
	pages = {3979--4002},
	year = {1997},
}

@article{freitag1999b,
	author = {Freitag, L. and Jones, M. and Plassmann, P.},
	title = {A parallel algorithm for mesh smoothing},
	journal = {SIAM Journal on Scientific Computing},
	volume = {20},
	number = {6},
	pages = {2023-2040},
	year = {1999},
}

@article{frey2005,
	author = {P. J. Frey and F. Alauzet},
	title = {Anisotropic mesh adaptation for {CFD} computations},
	journal = {Computer methods in applied mechanics and engineering},
	volume = {194},
	pages = {5068-5082},
	year = {2005},
	doi = {10.1016/j.cma.2004.11.025},
	tags = "adaptivity, error metric, linear interpolation, interpolation, anisotropy, interpolation error, meshing"
}

@book{george1998,
	publisher = {Hermes},
	author = {George, P. L. and Borouchaki, H.},
	title = {{D}elaunay Triangulation and Meshing: Application to Finite Elements},
	year = {1998},
}


@article{guttman1984,
	Publisher = {ACM New York, NY, USA},
	author = {Guttman, A.},
	title = {R-trees: a dynamic index structure for spatial searching},
	journal = {ACM SIGMOD Record},
	volume = {14},
	number = {2},
	pages = {47-57},
	year = {1984},
}

@article{jones1997,
	author = {Jones, M. T. and Plassmann, P. E.},
	title = {Parallel algorithms for adaptive mesh refinement},
	journal = {SIAM Journal on Scientific Computing},
	volume = {18},
	number = {3},
	pages = {686-708},
	year = {1997},
}


@article{li2005,
	key = {li2005},
	author = {X. Li and M. S. Shephard and M. W. Beall},
	title = {3{D} anisotropic mesh adaptation by mesh modification},
	journal = {Computer Methods in Applied Mechanics and Engineering},
	volume = {194},
	pages = {4915-4950},
	year = {2005},
	doi = {10.1016/j.cma.2004.11.019},
	tags = "adaptivity, error metric, anisotropy, gradation, navier stokes"
}

@article{lohner1995,
	author = {R. L\"ohner},
	title = {Robust, Vectorized Search Algorithms for Interpolation on Unstructured Grids},
	journal = {Journal of Computational Physics},
	volume = {118},
	number = {2},
	pages = {380--387},
	year = {1995},
}

@article{lohner1992,
	Publisher = {John Wiley \& Sons, Ltd Sussex},
	author = {L{\"o}hner, R. and Baum, J. D.},
	title = {Adaptive $h$-refinement on {3D} unstructured grids for transient problems},
	journal = {International Journal for Numerical Methods in Fluids},
	volume = {14},
	number = {12},
	pages = {1407--1419},
	year = {1992},
}

@article{micheletti2005,
	author = {S. Micheletti and S. Perotto},
	title = {Reliability and efficiency of an anisotropic {Z}ienkiewicz-{Z}hu error estimator},
	journal = {Computer Methods in Applied Mechanics and Engineering},
	volume = {195},
	number = {9-12},
	pages = {799--835},
	year = {2006},
	doi = {10.1016/j.cma.2005.02.009},
}

@article{ong1994,
	Publisher = {Society for Industrial and Applied Mathematics Philadelphia, PA, USA},
	author = {Ong, M. E. G.},
	title = {Uniform refinement of a tetrahedron},
	journal = {SIAM Journal on Scientific Computing},
	volume = {15},
	number = {5},
	pages = {1134-1144},
	year = {1994},
}

@article{pain2001,
	author = {C.C. Pain and A.P. Umpleby and C.R.E. de Oliveira and A.J.H. Goddard},
	title = {Tetrahedral mesh optimisation and adaptivity for steady-state and transient finite element calculations},
	journal = {Computer Methods in Applied Mechanics and Engineering},
	volume = {190},
	number = {29--30},
	pages = {3771-3796},
	year = {2001},
	tags = "adaptivity, error metric, interpolation error"
}

@Article{power2006,
	author = {P. W. Power and C. C. Pain and M. D. Piggott and G. J. Gorman and D. P. Marshall and A. J. H. Goddard and I. M. Navon},
	title = {Adjoint goal-based error norms for adaptive mesh ocean modelling},
	journal = {Ocean Modelling},
	volume = {15},
	number = {1-2},
	pages = {3},
	year = {2006},
	doi = {10.1016/j.ocemod.2006.05.001},
	tags = "adaptivity, error metric, interpolation error, adjoint, goal based metrics"
}

@article{rivara1984a,
	Publisher = {Society for Industrial and Applied Mathematics},
	author = {Rivara, M. C.},
	title = {Mesh refinement processes based on the generalized bisection of simplices},
	journal = {SIAM Journal on Numerical Analysis},
	volume = {21},
	number = {3},
	pages = {604-613},
	year = {1984},
}

@article{rivara1984b,
	Publisher = {John Wiley \& Sons, Ltd New York},
	author = {Rivara, M. C.},
	title = {Algorithms for refining triangular grids suitable for adaptive and multigrid techniques},
	journal = {International Journal for Numerical Methods in Engineering},
	volume = {20},
	number = {4},
	pages = {745--756},
	year = {1984},
}

@Article{shewchuk2002,
	author = {J. R. Shewchuk},
	title = {What is a good linear element? interpolation, conditioning, and quality measures},
	year = {2002},
	tags = "error metric, linear interpolation, interpolation, interpolation error, matrix conditioning, discretisation error"
}

@article{simpson1994,
	author = {Simpson, R. B.},
	title = {Anisotropic mesh transformations and optimal error control},
	journal = {Applied Numerical Mathematics},
	volume = {14},
	pages = {183--198},
	year = {1994},
}

@article{vallet2007,
	author = {M.-G. Vallet and C.-M. Manole and J. Dompierre and S. Dufour and F. Guibault},
	title = {Numerical comparison of some Hessian recovery techniques},
	journal = {International Journal for Numerical Methods in Engineering},
	volume = {72},
	number = {8},
	pages = {987-1007},
	year = {2007},
	doi = {10.1002/nme.2036},
	tags = "adaptivity, error metric, anisotropy, meshing, quadratic fitting"
}


@article{vasilevskii1999adaptive,
	author = {Y. Vasilevskii and K. Lipnikov},
	title = {An adaptive algorithm for quasioptimal mesh generation},
	journal = {Computational Mathematics and Mathematical Physics},
	volume = {39},
	number = {9},
	pages = {1468--1486},
	year = {1999},
}

@article{speares1997,
	author = {W. Speares and M. Berzins},
	title = {A {3D} unstructured mesh adaptation algorithm for time-dependent shock-dominated problems},
	journal = {International Journal for Numerical Methods in Fluids},
	volume = {25},
	number = {1},
	pages = {81--104},
	year = {1997},
}

@article{piggott2005,
	Publisher = {Elsevier},
	author = {Piggott, M. D. and Pain, C. C. and Gorman, G. J. and Power, P. W. and Goddard, A. J. H.},
	title = {$h$, $r$, and $hr$ adaptivity with applications in numerical ocean modelling},
	journal = {Ocean Modelling},
	volume = {10},
	number = {1-2},
	pages = {95-113},
	year = {2005},
}

@article{knupp2000achievingI,
  title={Achieving finite element mesh quality via optimization of the {J}acobian matrix norm and associated quantities. {Part I} --- {A} framework for surface mesh optimization},
  author={Knupp, P.M.},
  journal={International Journal for Numerical Methods in Engineering},
  volume={48},
  number={3},
  pages={401--420},
  year={2000},
  publisher={Chichester, New York, Wiley [etc.] 1969-}
}

@article{knupp2000achievingII,
  title={Achieving finite element mesh quality via optimization of the {J}acobian matrix norm and associated quantities. {Part II} --- {A} framework for volume mesh optimization and the condition number of the {J}acobian matrix},
  author={Knupp, P.M.},
  journal={International Journal for Numerical Methods in Engineering},
  volume={48},
  number={8},
  pages={1165--1185},
  year={2000},
  publisher={Wiley Online Library}
}

@Article{zienkiewicz1992,
	author = {O. C. Zienkiewicz and J. Z. Zhu},
	title = {The superconvergent patch recovery and a posteriori error estimates},
	journal = {International Journal for Numerical Methods in Engineering},
	volume = {33},
	pages = {1365-1382},
	year = {1992},
	tags = "error metric, discrete differentiation, a posteriori"
}


@article{chen2007optimal,
  title={Optimal anisotropic meshes for minimizing interpolation errors in L\^{} p-norm},
  author={Chen, L. and Sun, P. and Xu, J.},
  journal={Mathematics of computation},
  volume={76},
  number={257},
  pages={179},
  year={2007},
  publisher={American Mathematical Society}
}

@article{li20053d,
  title={3D anisotropic mesh adaptation by mesh modification},
  author={Li, X. and Shephard, M.S. and Beall, M.W.},
  journal={Computer methods in applied mechanics and engineering},
  volume={194},
  number={48-49},
  pages={4915--4950},
  year={2005},
  publisher={Elsevier}
}
